<?xml version="1.0" encoding="UTF-8"?><collection xmlns="http://www.loc.gov/MARC21/slim"><record><leader>00636nam--2200217-u-4500</leader><controlfield tag="001">000050492</controlfield><controlfield tag="002">20161230</controlfield><controlfield tag="003">81843</controlfield><controlfield tag="005">20161230201048</controlfield><controlfield tag="008">070515s1000------------r-----000-0-eng-d</controlfield><datafield ind1=" " ind2=" " tag="020"><subfield code="a">1402007159</subfield></datafield><datafield ind1=" " ind2=" " tag="040"><subfield code="a">IFIN-HH</subfield></datafield><datafield ind1="1" ind2=" " tag="100"><subfield code="a">Kopsky, V</subfield></datafield><datafield ind1="1" ind2="0" tag="245"><subfield code="a">Subperiodic groups</subfield><subfield code="b">International data tables for crystallography vol. e</subfield><subfield code="c">V. kopsky, d.b. litvin (eds.)</subfield></datafield><datafield ind1=" " ind2=" " tag="250"><subfield code="a">First Edition</subfield></datafield><datafield ind1=" " ind2=" " tag="260"><subfield code="a">Dordrecht</subfield><subfield code="b">Kluwer Academic Publishers</subfield><subfield code="c">2002</subfield></datafield><datafield ind1=" " ind2=" " tag="300"><subfield code="a">559 p</subfield></datafield><datafield ind1=" " ind2=" " tag="490"><subfield code="a">International Data Tables For Crystallography</subfield><subfield code="v">VOLl.E</subfield></datafield><datafield ind1="1" ind2=" " tag="700"><subfield code="a">Litvin, D.B</subfield><subfield code="e">Ed</subfield></datafield><datafield ind1=" " ind2=" " tag="852"><subfield code="c">548</subfield></datafield><datafield ind1=" " ind2=" " tag="CAT"><subfield code="a">Sys</subfield><subfield code="c">20140227</subfield><subfield code="h">143711</subfield></datafield></record></collection>